@article{RPK2019,
  title={Physics-informed neural networks: A deep learning framework for solving forward and inverse problems involving nonlinear partial differential equations},
  author={Raissi, Maziar and Perdikaris, Paris and Karniadakis, George E},
  journal={Journal of Computational Physics},
  volume={378},
  pages={686--707},
  year={2019},
  publisher={Elsevier}
}


@article{HLXZ2020,
title = "Relu deep neural networks and linear finite elements",
author = "Juncai He and Lin Li and Jinchao Xu and Chunyue Zheng",
year = "2020",
doi = "10.4208/JCM.1901-M2018-0160",
volume = "38",
number = "3",
pages = "502--527",
journal = "Journal of Computational Mathematics",
issn = "0254-9409"
}

@article{EYu2018,
title = "The Deep Ritz Method: A Deep Learning-Based Numerical Algorithm for Solving Variational Problems",
author = "Weinan E and Bing Yu",
year = 2018,
doi = "10.1007/s40304-018-0127-z",
journal = "Commun. Math. Stat.",
volume = "6",
pages = "1--12"
}

@article{gmsh,
	title = "Gmsh: a three-dimensional finite element mesh generator with built-in pre- and post-processing facilities",
	author = "C. Geuzaine and J.-F. Remacle",
	journal = "International Journal for Numerical Methods in Engineering",
	volume = "79",
	issue = "11", 
	pages = "1309--1331",
	year = "2009"
}

@article{AlnaesBlechta2015a,
  title = {The {FEniCS} Project Version 1.5},
  author = {Martin S. Aln{\ae}s and Jan Blechta and Johan Hake and August Johansson and Benjamin Kehlet and Anders Logg and Chris Richardson and Johannes Ring and Marie E. Rognes and Garth N. Wells},
  year = {2015},
  journal = {Archive of Numerical Software},
  volume = {3},
  number = {100},
  doi = {10.11588/ans.2015.100.20553},
  page = {9-23},
}

@book{LoggMardalEtAl2012a,
  title = {Automated Solution of Differential Equations by the Finite Element Method},
  author = {Anders Logg and Kent-Andre Mardal and Garth N. Wells and others},
  year = {2012},
  publisher = {Springer},
  doi = {10.1007/978-3-642-23099-8},
  isbn = {978-3-642-23098-1},
} 

@incollection{pytorch,
title = {PyTorch: An Imperative Style, High-Performance Deep Learning Library},
author = {Paszke, Adam and Gross, Sam and Massa, Francisco and Lerer, Adam and Bradbury, James and Chanan, Gregory and Killeen, Trevor and Lin, Zeming and Gimelshein, Natalia and Antiga, Luca and Desmaison, Alban and Kopf, Andreas and Yang, Edward and DeVito, Zachary and Raison, Martin and Tejani, Alykhan and Chilamkurthy, Sasank and Steiner, Benoit and Fang, Lu and Bai, Junjie and Chintala, Soumith},
booktitle = {Advances in Neural Information Processing Systems 32},
editor = {H. Wallach and H. Larochelle and A. Beygelzimer and F. d\textquotesingle Alch\'{e}-Buc and E. Fox and R. Garnett},
pages = {8024--8035},
year = {2019},
publisher = {Curran Associates, Inc.},
url = {http://papers.neurips.cc/paper/9015-pytorch-an-imperative-style-high-performance-deep-learning-library.pdf}
}

@ARTICLE{automan:2018,
author = {Prabhu Ramachandran},
journal = {Computing in Science \& Engineering},
title = {automan: A Python-Based Automation Framework for Numerical Computing},
year = {2018},
volume = {20},
number = {5},
pages = {81-97},
doi = {10.1109/MCSE.2018.05329818},
url = {doi.ieeecomputersociety.org/10.1109/MCSE.2018.05329818},
month={Sep./Oct.}
}

@article{pyclaw,
        Author = {Ketcheson, David I. and Mandli, Kyle T. and Ahmadia, Aron J. and Alghamdi, Amal and {Quezada de Luna}, Manuel and Parsani, Matteo and Knepley, Matthew G. and Emmett, Matthew},
        Journal = {SIAM Journal on Scientific Computing},
        Month = nov,
        Number = {4},
        Pages = {C210--C231},
        Title = {{PyClaw: Accessible, Extensible, Scalable Tools for Wave Propagation Problems}},
        Volume = {34},
        Year = {2012}}
        
@Article{         numpy,
 title         = {Array programming with {NumPy}},
 author        = {Charles R. Harris and K. Jarrod Millman and St\'{e}fan J.
                 van der Walt and Ralf Gommers and Pauli Virtanen and David
                 Cournapeau and Eric Wieser and Julian Taylor and Sebastian
                 Berg and Nathaniel J. Smith and Robert Kern and Matti Picus
                 and Stephan Hoyer and Marten H. van Kerkwijk and Matthew
                 Brett and Allan Haldane and Jaime Fern\'{a}ndez del
                 R\'{i}o and Mark Wiebe and Pearu Peterson and Pierre
                 G\'{e}rard-Marchant and Kevin Sheppard and Tyler Reddy and
                 Warren Weckesser and Hameer Abbasi and Christoph Gohlke and
                 Travis E. Oliphant},
 year          = {2020},
 month         = sep,
 journal       = {Nature},
 volume        = {585},
 number        = {7825},
 pages         = {357--362},
 doi           = {10.1038/s41586-020-2649-2},
 publisher     = {Springer Science and Business Media {LLC}},
 url           = {https://doi.org/10.1038/s41586-020-2649-2}
}
        
@Article{mpl,
  Author    = {Hunter, J. D.},
  Title     = {Matplotlib: A 2D graphics environment},
  Journal   = {Computing in Science \& Engineering},
  Volume    = {9},
  Number    = {3},
  Pages     = {90--95},
  abstract  = {Matplotlib is a 2D graphics package used for Python for
  application development, interactive scripting, and publication-quality
  image generation across user interfaces and operating systems.},
  publisher = {IEEE COMPUTER SOC},
  doi       = {10.1109/MCSE.2007.55},
  year      = 2007
}

@article{mayavi,
 author = {Ramachandran, Prabhu and Varoquaux, Ga\"{e}l},
  doi = {10.1109/MCSE.2011.35},
  journal = {Computing in Science and Engineering},
  number = 2,
  pages = {40--51},
  title = {Mayavi: {3D} Visualization of Scientific Data},
  volume = 13,
  year = 2011
}

@inproceedings{pytorch_geometric,
  title={Fast Graph Representation Learning with {PyTorch Geometric}},
  author={Fey, Matthias and Lenssen, Jan E.},
  booktitle={ICLR Workshop on Representation Learning on Graphs and Manifolds},
  year={2019},
}
        
@Article{ldc:ghia,
  author =  {Ghia, U. and Ghia, K. N. and Shin, C. T.},
  title =   {{High-Re} solutions for incompressible flow using the
                  {Navier-Stokes} equations and a multigrid method},
  journal =  {Journal of Computational Physics},
  year =     1982,
  volume =   48,
  pages =    {387--411}
}

@misc{kingma2014,
  author = {Kingma, Diederik P. and Ba, Jimmy},
  note = {Published as a conference paper at the 3rd International Conference  for Learning Representations, San Diego, 2015},
  title = {Adam: A Method for Stochastic Optimization},
  url = {http://arxiv.org/abs/1412.6980},
  year = 2014
}

@article{SiKo2018,
title = {{DGM}: A deep learning algorithm for solving partial differential equations},
journal = {Journal of Computational Physics},
volume = {375},
pages = {1339-1364},
year = {2018},
issn = {0021-9991},
doi = {https://doi.org/10.1016/j.jcp.2018.08.029},
url = {https://www.sciencedirect.com/science/article/pii/S0021999118305527},
author = {Justin Sirignano and Konstantinos Spiliopoulos}
}

@article {HJE2018,
	author = {Han, Jiequn and Jentzen, Arnulf and E, Weinan},
	title = {Solving high-dimensional partial differential equations using deep learning},
	volume = {115},
	number = {34},
	pages = {8505--8510},
	year = {2018},
	doi = {10.1073/pnas.1718942115},
	publisher = {National Academy of Sciences},
	issn = {0027-8424},
	URL = {https://www.pnas.org/content/115/34/8505},
	eprint = {https://www.pnas.org/content/115/34/8505.full.pdf},
	journal = {Proceedings of the National Academy of Sciences}
}

@article{LLF97,
  author={I. E. {Lagaris} and A. {Likas} and D. I. {Fotiadis}},
  journal={IEEE Transactions on Neural Networks}, 
  title={Artificial neural networks for solving ordinary and partial differential equations}, 
  year={1998},
  volume={9},
  number={5},
  pages={987-1000},
  doi={10.1109/72.712178}
}

@InProceedings{LLMXD2018, 
title = {{PDE}-Net: Learning {PDE}s from Data}, 
author = {Long, Zichao and Lu, Yiping and Ma, Xianzhong and Dong, Bin}, 
booktitle = {Proceedings of the 35th International Conference on Machine Learning}, pages = {3208--3216}, 
year = {2018}, 
editor = {Jennifer Dy and Andreas Krause}, volume = {80},
series = {Proceedings of Machine Learning Research}, 
address = {Stockholmsm√§ssan, Stockholm Sweden}, 
month = {10--15 Jul}, 
publisher = {PMLR}, 
pdf = {http://proceedings.mlr.press/v80/long18a/long18a.pdf}, 
url = {http://proceedings.mlr.press/v80/long18a.html}
}

@article{lu2021deepxde,
  author  = {Lu, Lu and Meng, Xuhui and Mao, Zhiping and Karniadakis, George Em},
  title   = {{DeepXDE}: A deep learning library for solving differential equations},
  journal = {SIAM Review},
  volume  = {63},
  number  = {1},
  pages   = {208-228},
  year    = {2021},
  doi     = {10.1137/19M1274067}
}

@article{SAGNGHZR2020,
title = {An energy approach to the solution of partial differential equations in computational mechanics via machine learning: Concepts, implementation and applications},
journal = {Computer Methods in Applied Mechanics and Engineering},
volume = {362},
pages = {112790},
year = {2020},
issn = {0045-7825},
doi = {https://doi.org/10.1016/j.cma.2019.112790},
url = {https://www.sciencedirect.com/science/article/pii/S0045782519306826},
author = {E. Samaniego and C. Anitescu and S. Goswami and V.M. Nguyen-Thanh and H. Guo and K. Hamdia and X. Zhuang and T. Rabczuk}
}

@Techreport{OPS19,
  author = {J. A. A. Opschoor and P. C. Petersen and Ch. Schwab},
  title = {Deep {ReLU} Networks and High-Order Finite Element Methods},
  institution = {Seminar for Applied Mathematics, ETH Z{\"u}rich},
  number = {2019-07},
  address = {Switzerland},
  url = {https://www.sam.math.ethz.ch/sam_reports/reports_final/reports2019/2019-07.pdf },
  year = {2019}
}

@article{WZ2020,
title = {A mesh-free method for interface problems using the deep learning approach},
journal = {Journal of Computational Physics},
volume = {400},
pages = {108963},
year = {2020},
issn = {0021-9991},
doi = {https://doi.org/10.1016/j.jcp.2019.108963},
url = {https://www.sciencedirect.com/science/article/pii/S0021999119306680},
author = {Zhongjian Wang and Zhiwen Zhang}
}

@Article{LCX2020, 
author = {Ziqi Liu and Wei Cai and Zhi-Qin John Xu}, 
title = {Multi-Scale Deep Neural Network ({MscaleDNN}) for Solving {Poisson-Boltzmann} Equation in Complex Domains}, 
journal = {Communications in Computational Physics}, 
year = {2020}, 
volume = {28}, 
number = {5}, 
pages = {1970--2001}, 
issn = {1991-7120}, 
doi = {https://doi.org/10.4208/cicp.OA-2020-0179}, 
url = {http://global-sci.org/intro/article_detail/cicp/18402.html}
}

@article{SCL2020pre,
       author = {{Shen}, Xing and {Cheng}, Xiaoliang and {Liang}, Kewei},
        title = "{Deep Euler method: solving ODEs by approximating the local truncation error of the Euler method}",
      journal = {arXiv e-prints},
     keywords = {Mathematics - Numerical Analysis},
         year = 2020,
        month = mar,
          eid = {arXiv:2003.09573},
        pages = {arXiv:2003.09573},
archivePrefix = {arXiv},
       eprint = {2003.09573},
 primaryClass = {math.NA},
       adsurl = {https://ui.adsabs.harvard.edu/abs/2020arXiv200309573S},
      adsnote = {Provided by the SAO/NASA Astrophysics Data System}
}

@article{CCLL2020,
title = {Deep least-squares methods: An unsupervised learning-based numerical method for solving elliptic PDEs},
journal = {Journal of Computational Physics},
volume = {420},
pages = {109707},
year = {2020},
issn = {0021-9991},
doi = {https://doi.org/10.1016/j.jcp.2020.109707},
url = {https://www.sciencedirect.com/science/article/pii/S0021999120304812},
author = {Zhiqiang Cai and Jingshuang Chen and Min Liu and Xinyu Liu}
}

@article{WXZZ2020pre,
  author    = {Jihong Wang and
               Zhi{-}Qin John Xu and
               Jiwei Zhang and
               Yaoyu Zhang},
  title     = {Implicit bias with {Ritz-Galerkin} method in understanding deep learning
               for solving PDEs},
  journal   = {CoRR},
  volume    = {abs/2002.07989},
  year      = {2020},
  url       = {https://arxiv.org/abs/2002.07989},
  archivePrefix = {arXiv},
  eprint    = {2002.07989},
  timestamp = {Mon, 02 Mar 2020 16:46:06 +0100},
  biburl    = {https://dblp.org/rec/journals/corr/abs-2002-07989.bib}
}

@article{HHM2020,
  author    = {Cuiyu He and
               Xiaozhe Hu and
               Lin Mu},
  title     = {A Mesh-free Method Using Piecewise Deep Neural Network for Elliptic
               Interface Problems},
  journal   = {CoRR},
  volume    = {abs/2005.04847},
  year      = {2020},
  url       = {https://arxiv.org/abs/2005.04847},
  archivePrefix = {arXiv},
  eprint    = {2005.04847},
  timestamp = {Thu, 14 May 2020 16:56:02 +0200},
  biburl    = {https://dblp.org/rec/journals/corr/abs-2005-04847.bib}
}

@article{LTPGC2021,
  author    = {Kookjin Lee and
               Nathaniel A. Trask and
               Ravi G. Patel and
               Mamikon A. Gulian and
               Eric C. Cyr},
  title     = {Partition of unity networks: deep hp-approximation},
  journal   = {CoRR},
  volume    = {abs/2101.11256},
  year      = {2021},
  url       = {https://arxiv.org/abs/2101.11256},
  archivePrefix = {arXiv},
  eprint    = {2101.11256},
  timestamp = {Sun, 31 Jan 2021 17:23:50 +0100},
  biburl    = {https://dblp.org/rec/journals/corr/abs-2101-11256.bib}
}

@article{DS2020,
title = {Physics Informed Extreme Learning Machine ({PIELM}): A rapid method for the numerical solution of partial differential equations},
journal = {Neurocomputing},
volume = {391},
pages = {96-118},
year = {2020},
issn = {0925-2312},
doi = {https://doi.org/10.1016/j.neucom.2019.12.099},
url = {https://www.sciencedirect.com/science/article/pii/S0925231219318144},
author = {Vikas Dwivedi and Balaji Srinivasan}
}


@incollection{TRRB2002,
	Author = {Tijskens, E. and Roose, D. and Ramon, H. and De Baerdemaeker, J.},
	Da = {2002/08/01},
	Date-Added = {2021-02-25 03:37:06 +0000},
	Date-Modified = {2021-02-25 03:38:03 +0000},
	Doi = {10.1023/A:1020103610525},
	Id = {Tijskens2002},
	Isbn = {1572-9265},
	Journal = {Numerical Algorithms},
	Number = {3},
	Pages = {259--301},
	Title = {Automatic Differentiation for Solving Nonlinear Partial Differential Equations: An Efficient Operator Overloading Approach},
	Ty = {JOUR},
	Url = {https://doi.org/10.1023/A:1020103610525},
	Volume = {30},
	Year = {2002},
	Bdsk-Url-1 = {https://doi.org/10.1023/A:1020103610525},
	Bdsk-Url-2 = {http://dx.doi.org/10.1023/A:1020103610525}
}

@article{RG2014,
title = {Automatic finite element formulation and assembly of hyperelastic higher order structural models},
journal = {Applied Mathematical Modelling},
volume = {38},
number = {11},
pages = {2867-2883},
year = {2014},
issn = {0307-904X},
doi = {https://doi.org/10.1016/j.apm.2013.11.021},
url = {https://www.sciencedirect.com/science/article/pii/S0307904X13007579},
author = {Amuthan Arunkumar Ramabathiran and S. Gopalakrishnan}
}

@article{ye2019sph,
  title={Smoothed particle hydrodynamics {(SPH)} for complex fluid flows: Recent developments in methodology and applications},
  author={Ye, Ting and Pan, Dingyi and Huang, Can and Liu, Moubin},
  journal={Physics of Fluids},
  volume={31},
  number={1},
  pages={011301},
  year={2019},
  publisher={AIP Publishing}
}

@article{WA94,
author = {Williams, John R. and Amaratunga, Kevin},
title = {Introduction to wavelets in engineering},
journal = {International Journal for Numerical Methods in Engineering},
volume = {37},
number = {14},
pages = {2365-2388},
doi = {https://doi.org/10.1002/nme.1620371403},
url = {https://onlinelibrary.wiley.com/doi/abs/10.1002/nme.1620371403},
eprint = {https://onlinelibrary.wiley.com/doi/pdf/10.1002/nme.1620371403},
year = {1994}
}

@article{EMW20,
	author = {E, W. and Ma, C. and Wu, L.},
	title = {Machine learning from a continuous viewpoint, {I}},
	journal = {Sci. China Math.},
	number = {63},
	pages = {2233‚Äì2266},
	year = {2020},
	doi = {https://doi.org/10.1007/s11425-020-1773-8}
}

@article{BN2018,
  title = {A Unified Deep Artificial Neural Network Approach to Partial Differential Equations in Complex Geometries},
  author = {Berg, Jens and Nystr√∂m, Kaj},
  date = {2018-11-23},
  journaltitle = {Neurocomputing},
  shortjournal = {Neurocomputing},
  volume = {317},
  pages = {28--41},
  issn = {0925-2312},
  doi = {10.1016/j.neucom.2018.06.056},
  langid = {english}
}